
@book{Dragon2007,
   title = {Compilers (Principles, Techniques and Tools)},
   author = {Alfred V. Aho and Monica S. Lam and Ravi Sethi and
            Jeffrey D. Ullman},
   publisher = {Pearson, Addison Wesley},
   isbn = {0-321-48681-1},
   year = {2007},
}

@misc{Lex1975sys,
  title={Lex: A lexical analyzer generator},
  author={Lesk, Michael E and Schmidt, Eric},
  year={1975},
  publisher={Bell Laboratories Murray Hill, NJ}
}

@misc{Lex1975,
   title = {Lex: A Lexical Analyzer Generator},
   author = {M.E. Lesk},
   howpublished = {Computing Science Technical Report~39,
                   Bell Laboratories, Murray Hill, NJ},
   year = {1975},
}

@misc{Yacc1975,
   title = {{Yacc}: Yet Another Compiler-Compiler},
   author = {Stephen C. Johnson},
   howpublished = {Computing Science Technical Report~32,
                   Bell Laboratories, Murray Hill, NJ},
   year = {1975},
}

@misc{Yacc_system,
   title =  {{Yacc} System},
   author = {Akim Demaille and Paul Eggert}, 
   howpublished = {{\tt https://www.gnu.org/software/bison/}},
   year = {2014},
}

@book{SterlingShapiro94,
   title = {The Art of Prolog (Advanced Programming Techniques)},
   author = {Leon Sterling and Ehud Shapiro},
   year = {1994},
   publisher = {The MIT Press},
   isbn = {978-0-262-19338-2},
}

